@book{gustafsson1995time,
  author    = {Gustafsson, Bertil and Kreiss, Heinz-Otto and Oliger, Joseph},
  title     = {Time dependent problems and difference methods},
  year      = {1995},
  publisher = {John Wiley \& Sons},
  volume    = {24}
}
@book{thomas2013numerical,
  author    = {Thomas, James William},
  title     = {Numerical partial differential equations: finite difference methods},
  year      = {2013},
  publisher = {Springer Science \& Business Media},
  volume    = {22}
}
@book{张强2017偏微分方程的有限差分方法,
  author    = {张强},
  title     = {偏微分方程的有限差分方法},
  year      = {2017},
  publisher = {科学出版社}
}
@book{leveque1992numerical,
  author    = {LeVeque, Randall J and Leveque, Randall J},
  title     = {Numerical methods for conservation laws},
  year      = {1992},
  publisher = {Springer},
  volume    = {132}
}
@book{despres2017numerical,
  author    = {Despr{\'e}s, Bruno},
  title     = {Numerical methods for Eulerian and Lagrangian conservation laws},
  year      = {2017},
  publisher = {Birkh{\"a}user}
}
